<record><leader>00000cas a22000007a 4500</leader><controlfield tag="001">10668777</controlfield><controlfield tag="008">840426d19611986azudr ne      0   a0eng d</controlfield><datafield ind1=" " ind2=" " tag="010"><subfield code="a">sn 95060641 </subfield></datafield><datafield ind1=" " ind2=" " tag="040"><subfield code="a">ATM</subfield><subfield code="b">eng</subfield><subfield code="c">ATM</subfield><subfield code="d">NSD</subfield><subfield code="d">ANN</subfield><subfield code="d">OCLCQ</subfield><subfield code="d">OCLCF</subfield><subfield code="d">OCLCO</subfield></datafield><datafield ind1="1" ind2=" " tag="029"><subfield code="a">AU@</subfield><subfield code="b">000012176264</subfield></datafield><datafield ind1=" " ind2=" " tag="042"><subfield code="a">msc</subfield></datafield><datafield ind1=" " ind2=" " tag="043"><subfield code="a">n-us-az</subfield></datafield><datafield ind1=" " ind2=" " tag="092"><subfield code="a">071</subfield><subfield code="b">S431</subfield></datafield><datafield ind1="0" ind2="0" tag="245"><subfield code="a">Scottsdale daily progress.</subfield></datafield><datafield ind1=" " ind2=" " tag="260"><subfield code="a">Scottsdale, Ariz. :</subfield><subfield code="b">Scottsdale Pub., 1961-1986.</subfield></datafield><datafield ind1=" " ind2=" " tag="300"><subfield code="a">v. :</subfield><subfield code="b">ill. ;</subfield><subfield code="c">58 cm.</subfield></datafield><datafield ind1=" " ind2=" " tag="310"><subfield code="a">Daily</subfield></datafield><datafield ind1="0" ind2=" " tag="362"><subfield code="a">Vol. 1 no. 1 (Feb. 16, 1961)-v. 25, no. 308 (Feb. 15, 1986).</subfield></datafield><datafield ind1=" " ind2="0" tag="651"><subfield code="a">Scottsdale (Ariz.)</subfield><subfield code="v">Newspapers.</subfield></datafield><datafield ind1=" " ind2="0" tag="651"><subfield code="a">Maricopa County (Ariz.)</subfield><subfield code="v">Newspapers.</subfield></datafield><datafield ind1=" " ind2="7" tag="655"><subfield code="a">Newspapers.</subfield><subfield code="2">fast</subfield><subfield code="0">(OCoLC)fst01423814</subfield></datafield><datafield ind1=" " ind2="7" tag="651"><subfield code="a">Arizona</subfield><subfield code="z">Maricopa County.</subfield><subfield code="2">fast</subfield><subfield code="0">(OCoLC)fst01217111</subfield></datafield><datafield ind1=" " ind2="7" tag="651"><subfield code="a">Arizona</subfield><subfield code="z">Scottsdale.</subfield><subfield code="2">fast</subfield><subfield code="0">(OCoLC)fst01204372</subfield></datafield><datafield ind1=" " ind2=" " tag="752"><subfield code="a">United States</subfield><subfield code="b">Arizona</subfield><subfield code="c">Maricopa</subfield><subfield code="d">Scottsdale.</subfield></datafield><datafield ind1="0" ind2="5" tag="780"><subfield code="t">Paradise Valley progress</subfield><subfield code="w">(DLC)sn 95060634</subfield></datafield><datafield ind1="0" ind2="0" tag="780"><subfield code="t">Scottsdale progress (Scottsdale, Ariz. : 1948)</subfield><subfield code="w">(DLC)sn 95060640</subfield></datafield><datafield ind1="0" ind2="0" tag="785"><subfield code="t">Scottsdale progress (Scottsdale, Ariz. : 1986)</subfield><subfield code="x">0888-0271</subfield><subfield code="w">(DLC)sn 86013890</subfield><subfield code="w">(OCoLC)13451457</subfield></datafield></record>